@article{barr2004,
  title={Expected returns, risk and the integration of international bond markets},
  author={Barr, David G and Priestley, Richard},
  journal={Journal of International money and finance},
  volume={23},
  number={1},
  pages={71--97},
  year={2004},
  publisher={Elsevier}
}

@article{cappiello2006,
  title={Asymmetric dynamics in the correlations of global equity and bond returns},
  author={Cappiello, Lorenzo and Engle, Robert F and Sheppard, Kevin},
  journal={Journal of Financial econometrics},
  volume={4},
  number={4},
  pages={537--572},
  year={2006},
  publisher={Oxford University Press}
}

@article{davies2007,
  title={International bond market cointegration using regime switching techniques},
  author={Davies, Andrew},
  journal={The Journal of Fixed Income},
  volume={16},
  number={4},
  pages={69},
  year={2007},
  publisher={Euromoney Institutional Investor PLC}
}
@Manual{Texevier,
    title = {{Texevier}: {P}ackage to create Elsevier templates for Rmarkdown},
    author = {N.F. Katzke},
    organization = {Bureau for Economic Research},
    address = {Stellenbosch, South Africa},
    note = {version 0.1.2},
    year = {2017},
}

  @article{engle2002dynamic,
  title={Dynamic conditional correlation: A simple class of multivariate generalized autoregressive    conditional heteroskedasticity models},
  author={Engle, Robert},
  journal={Journal of Business \& Economic Statistics},
  volume={20},
  number={3},
  pages={339--350},
  year={2002},
  publisher={Taylor \& Francis}
}

@article{FRENCH,
  title={Business conditions and expected returns on stocks and bonds},
  author={Fama, Eugene F and French, Kenneth R},
  journal={Journal of financial economics},
  volume={25},
  number={1},
  pages={23--49},
  year={1989},
  publisher={Elsevier}
}

@article{katzke2013,
  title={South African Sector Return Correlations: using DCC and ADCC Multivariate GARCH techniques    to uncover the underlying dynamics},
  author={Katzke, Nico},
  journal={South African Sector Return Correlations: using DCC and ADCC Multivariate GARCH techniques   to uncover the underlying dynamics},
  year={2013}
}

@article{kumar2011,
  title={Dynamics of international integration of government securitiesâ€™ markets},
  author={Kumar, Manmohan S and Okimoto, Tatsuyoshi},
  journal={Journal of Banking \& Finance},
  volume={35},
  number={1},
  pages={142--154},
  year={2011},
  publisher={Elsevier}
}

@article{lucey2006,
  title={Measuring and assessing the effects and extent of international bond market integration},
  author={Lucey, Brian M and Steeley, James},
  journal={Journal of International Financial Markets, Institutions and Money},
  volume={16},
  number={1},
  pages={1--3},
  year={2006},
  publisher={Elsevier}
}
